% This file was created with JabRef 2.9b2.
% Encoding: ISO8859_1

@ARTICLE{ECCF_Carrubba, 
author={V. {Carrubba} and A. L. {Clarke} and M. {Akmal} and J. {Lees} and J. {Benedikt} and P. J. {Tasker} and S. C. {Cripps}}, 
journal={IEEE Transactions on Microwave Theory and Techniques}, 
title={On the Extension of the Continuous Class-F Mode Power Amplifier}, 
year={2011}, 
volume={59}, 
number={5}, 
pages={1294-1303}, 
keywords={gallium arsenide;high electron mobility transistors;III-V semiconductors;power amplifiers;radiofrequency amplifiers;continuous class-F mode power amplifier;RF power amplifier;PA mode;harmonic impedance;voltage waveform;GaAs pseudomorphic HEMT device;GaAs;Harmonic analysis;Impedance;Power generation;Power system harmonics;Radio frequency;Microwave measurements;Semiconductor device measurement;Broadband amplifiers;microwave amplifiers;microwave measurements;power amplifiers (PAs);RF circuits}, 
doi={10.1109/TMTT.2011.2117435}, 
ISSN={1557-9670}, 
month={May},}

@ARTICLE{CCF_Neal, 
author={N. {Tuffy} and L. {Guan} and A. {Zhu} and T. J. {Brazil}}, 
journal={IEEE Transactions on Microwave Theory and Techniques}, 
title={A Simplified Broadband Design Methodology for Linearized High-Efficiency Continuous Class-F Power Amplifiers}, 
year={2012}, 
volume={60}, 
number={6}, 
pages={1952-1963}, 
keywords={code division multiple access;gallium compounds;high electron mobility transistors;III-V semiconductors;UHF power amplifiers;wide band gap semiconductors;continuous class-F power amplifiers;simplified broadband design;nonlinear device capacitance;wave shaping;voltage waveforms;current waveforms;harmonic impedance;harmonic band placement;Cree GaN HEMT device;digital predistortion;eight-carrier W-CDMA excitation signals;power 10 W;bandwidth 1.45 GHz to 2.45 GHz;GaN;Harmonic analysis;Bandwidth;Impedance;Power generation;Power system harmonics;Capacitance;Performance evaluation;Broadband;Class-F;digital predistortion (DPD);high efficiency;power amplifier (PA)}, 
doi={10.1109/TMTT.2012.2187534}, 
ISSN={1557-9670}, 
month={June},}

@ARTICLE{CCF_reason, 
author={J. {Chen} and S. {He} and F. {You} and R. {Tong} and R. {Peng}}, 
journal={IEEE Microwave and Wireless Components Letters}, 
title={Design of Broadband High-Efficiency Power Amplifiers Based on a Series of Continuous Modes}, 
year={2014}, 
volume={24}, 
number={9}, 
pages={631-633}, 
keywords={microwave power amplifiers;network synthesis;power amplifiers;UHF power amplifiers;wideband amplifiers;drain efficiency;continuous mode concept;broadband high-efficiency PA;broadband high-efficiency power amplifiers;frequency 1.6 GHz to 2.8 GHz;power 14.2 W;Broadband communication;Impedance;Harmonic analysis;Power generation;Bandwidth;Impedance matching;Frequency measurement;Broadband;continuous modes;high-efficiency;output matching network;power amplifiers (PAs)}, 
doi={10.1109/LMWC.2014.2331457}, 
ISSN={1558-1764}, 
month={Sep.},}

@ARTICLE{CCFDesign_ali, 
author={S. N. {Ali} and P. {Agarwal} and S. {Gopal} and S. {Mirabbasi} and D. {Heo}}, 
journal={IEEE Transactions on Circuits and Systems I: Regular Papers}, 
title={A 25–35 GHz Neutralized Continuous Class-F CMOS Power Amplifier for 5G Mobile Communications Achieving 26\% Modulation PAE at 1.5 Gb/s and 46.4\% Peak PAE}, 
year={2019}, 
volume={66}, 
number={2}, 
pages={834-847}, 
keywords={5G mobile communication;adjacent channel interference;CMOS analogue integrated circuits;integrated circuit design;microwave power amplifiers;millimetre wave power amplifiers;quadrature amplitude modulation;high-efficiency neutralized continuous class-F CMOS power amplifier design technique;millimeter-wave 5G mobile communications;parasitic-aware tuned-load;harmonic-tuned output load networks;power-device;harmonic-tuned load;5G mobile communications;CMOS technology;power-added efficiency;neutralized continuous class-F CMOS power amplifier;high-order harmonic resonance network;mmW CMOS PA;quadrature amplitude-modulated signal;adjacent channel leakage ratio;frequency 25.0 GHz to 35.0 GHz;5G mobile communication;CMOS technology;Bandwidth;Harmonic analysis;Frequency measurement;Couplings;Silicon;5G;CMOS;millimeter wave (mmW);28 GHz;continuous class-F;inverse class F;power amplifier (PA);mobile communications;cellular;high efficiency;stability;neutralization;phased-arrays;wideband;tunable coupling coefficient;beamforming;tunable transformer;error-vector-magnitude (EVM);MIMO;quadrature-amplitude-modulation (QAM)}, 
doi={10.1109/TCSI.2018.2860019}, 
ISSN={1558-0806}, 
month={Feb},}

@book{kazimierczuk_2014, title={RF Power Amplifier, 2nd Edition}, publisher={John Wiley \& Sons}, author={Kazimierczuk, Marian K.}, year={2014}}

@ARTICLE{ClassF_IF_comp,
author={F. {Fortes} and M. J. {do Rosario}},
journal={IEEE Transactions on Microwave Theory and Techniques},
title={A second harmonic class-F power amplifier in standard CMOS technology},
year={2001},
volume={49},
number={6},
pages={1216-1220},
keywords={CMOS analogue integrated circuits;harmonics;UHF power amplifiers;UHF integrated circuits;MMIC power amplifiers;mobile radio;second harmonic operation;class-F power amplifier;standard CMOS technology;personal communications systems;integrated power amplifier;output network topology;amplifier optimization guidelines;1.9 GHz;3 V;200 mW;0.6 micron;Power system harmonics;Power amplifiers;Radiofrequency amplifiers;CMOS technology;Power generation;Radio frequency;Circuit testing;Power supplies;Integrated circuit technology;Network topology},
doi={10.1109/22.925529},
ISSN={1557-9670},
month={June},}

@ARTICLE{CIF_DouComp,
author={T. {Sharma} and J. {Roberts} and D. G. {Holmes} and R. {Darraji} and J. K. {Jones} and F. M. {Ghannouchi}},
journal={IEEE Microwave and Wireless Components Letters},
title={On the Double-Inflection Characteristic of the Continuous-Wave AM/AM in Class-F−1 Power Amplifiers},
year={2018},
volume={28},
number={12},
pages={1131-1133},
keywords={amplitude modulation;gallium compounds;III-V semiconductors;mathematical analysis;UHF power amplifiers;wide band gap semiconductors;harmonic loading conditions;harmonically tuned PA;NXP GaN die;continuous-wave AM-AM;class-F-1 power amplifiers;AM-AM inflection points;AM-AM inflection phenomenon;mathematical analysis;double gain compression;amplitude-to-amplitude modulation;second-harmonic impedance;double-inflection characteristic;active load-pull measurements;low power levels;harmonic load reactance;gain curve profile;active load-pull system;frequency 2.6 GHz;voltage 28.0 V;voltage 48.0 V;size 0.7 mm;GaN;Harmonic analysis;Power amplifiers;Gallium nitride;Impedance;Active load–pull;amplitude-to-amplitude modulation (AM/AM);AM/AM inflection;class-F⁻¹;gallium nitride (GaN);linearity;power amplifier (PA)},
doi={10.1109/LMWC.2018.2874156},
ISSN={1558-1764},
month={Dec},}

@ARTICLE{Raab_max_eff,
author={F. H. {Raab}},
journal={IEEE Transactions on Microwave Theory and Techniques},
title={Maximum efficiency and output of class-F power amplifiers},
year={2001},
volume={49},
number={6},
pages={1162-1166},
keywords={UHF power amplifiers;microwave power amplifiers;harmonics;network analysis;maximum efficiency;class-F power amplifiers;power-output capability;drain-voltage waveform shaping;drain-current waveform shaping;controlled harmonics;Fourier coefficients;maximum power;Power amplifiers;Power system harmonics;Voltage;Power generation;Switches;Shape;Impedance;Microwave frequencies;Helium;Circuits},
doi={10.1109/22.925511},
ISSN={1557-9670},
month={June},}

@ARTICLE{Stacked_FET,
author={J. {Jeong} and S. {Pornpromlikit} and P. M. {Asbeck} and D. {Kelly}},
journal={IEEE Microwave and Wireless Components Letters},
title={A 20 dBm Linear RF Power Amplifier Using Stacked Silicon-on-Sapphire MOSFETs},
year={2006},
volume={16},
number={12},
pages={684-686},
keywords={code division multiple access;MOSFET;power amplifiers;sapphire;silicon compounds;linear RF power amplifier;stacked silicon-on-sapphire;metal oxide semiconductor field effect transistor;MOSFET;breakdown voltage;output voltage swing;FET topology;power added efficiency;code division multiple access;adjacent channel power ratio;stacked transistors;1.88 GHz;17.1 dB;0.25 micron;Si-Al2O3;Radio frequency;Power amplifiers;Radiofrequency amplifiers;MOSFETs;FETs;Power generation;Breakdown voltage;Impedance;Topology;Power measurement;Metal-oxide-semiconductor field-effect transistor (MOSFET);power amplifier (PA);silicon-on-sapphire (SOS);stacked transistors},
doi={10.1109/LMWC.2006.885634},
ISSN={1558-1764},
month={Dec},}

@ARTICLE{Stacked_Table,
author={S. {Pornpromlikit} and J. {Jeong} and C. D. {Presti} and A. {Scuderi} and P. M. {Asbeck}},
journal={IEEE Transactions on Microwave Theory and Techniques},
title={A Watt-Level Stacked-FET Linear Power Amplifier in Silicon-on-Insulator CMOS},
year={2010},
volume={58},
number={1},
pages={57-64},
keywords={CMOS integrated circuits;elemental semiconductors;MOSFET;silicon;silicon-on-insulator;UHF power amplifiers;watt-level stacked-FET linear power amplifier;silicon-on-insulator CMOS;single-stage stacked field-effect transistor;single-stage FET linear power amplier;low breakdown voltage limit;MOSFET;stacked-FET structure;maximum power-added efficiency;reverse-link IS-95 code division multiple access modulated signal;adjacent channel power ratio requirement;uplink wideband code division multiple access modulated signal;adjacent channel leakage ratio requirement;submicrometer SOI CMOS technology;gigahertz frequency;size 0.13 mum to 0.28 mum;voltage 2.5 V to 6.5 V;frequency 1.9 GHz;Si;Power amplifiers;Silicon on insulator technology;CMOS technology;Power generation;FETs;Breakdown voltage;MOSFETs;Multiaccess communication;Modulation coding;Power measurement;CMOS;code division multiple access (CDMA);power amplifier (PA);silicon-on-insulator (SOI);stacked transistors;wideband code division multiple access (WCDMA)},
doi={10.1109/TMTT.2009.2036323},
ISSN={1557-9670},
month={Jan},}

@ARTICLE{Self_Cascode,
author={T. {Sowlati} and D. M. W. {Leenaerts}},
journal={IEEE Journal of Solid-State Circuits},
title={A 2.4-GHz 0.18-μm CMOS self-biased cascode power amplifier},
year={2003},
volume={38},
number={8},
pages={1318-1324},
keywords={CMOS analogue integrated circuits;Bluetooth;bootstrap circuits;UHF power amplifiers;UHF integrated circuits;CMOS;self-biased cascode power amplifier;Class-1 Bluetooth application;power-added efficiency;small signal gain;large signal gain;self-biasing technique;bootstrapping technique;hot carrier degradation;thick-oxide transistors;RF performance;sliding bias technique;gain variation;2.4 GHz;0.18 micron;42 percent;38 dB;31 dB;0.8 to 2.4 GHz;2.4 V;19 percent;Power amplifiers;Power generation;Gain;Degradation;Radiofrequency amplifiers;CMOS process;Bluetooth;Hot carriers;Radio frequency;Operational amplifiers},
doi={10.1109/JSSC.2003.814417},
ISSN={1558-173X},
month={Aug},}

@book{razavi_2013, place={Place of publication not identified}, title={Rf microelectronics: pearson new international edition}, publisher={Pearson Education Limited}, author={Razavi, Behzad}, year={2013}}


@book{Switchmode_RF_PA, place={Place of publication not identified}, title={Switchmode RF Power Amplifiers. 1st ed.}, publisher={Elsevier Inc.}, author={Grebennikov, A. and Sokal, N.}, year={2007}}

@ARTICLE{UWB_IF_MM,author={V. {Bhagavatula} and T. {Zhang} and A. R. {Suvarna} and J. C. {Rudell}},journal={IEEE Journal of Solid-State Circuits},title={An Ultra-Wideband IF Millimeter-Wave Receiver With a 20 GHz Channel Bandwidth Using Gain-Equalized Transformers},year={2016},volume={51},number={2},pages={323-331}}

@ARTICLE{Design_WideBand_Transformer_28nm,  author={M. {Vigilante} and P. {Reynaert}},  journal={IEEE Journal of Solid-State Circuits},   title={On the Design of Wideband Transformer-Based Fourth Order Matching Networks for ${E}$ -Band Receivers in 28-nm CMOS},   year={2017},  volume={52},  number={8},  pages={2071-2082},}

@article{Push_pull, title={Design Architectures of the CMOS Power Amplifier for 2.4 GHz ISM Band Applications: An Overview}, volume={8}, DOI={10.3390/electronics8050477}, number={5}, journal={Electronics}, author={Bhuiyan, Mohammad Arif Sobhan and Badal, Md Torikul Islam and Reaz, Mamun Bin Ibne and Crespo, Maria Liz and Cicuttin, Andres}, year={2019}, pages={477}} 

@ARTICLE{Gen_Vds_eqn,
  author={S. C. {Cripps} and P. J. {Tasker} and A. L. {Clarke} and J. {Lees} and J. {Benedikt}},
  journal={IEEE Microwave and Wireless Components Letters}, 
  title={On the Continuity of High Efficiency Modes in Linear RF Power Amplifiers}, 
  year={2009},
  volume={19},
  number={10},
  pages={665-667},}
  
  @ARTICLE{Transformer_model,
  author={J. R. {Long}},
  journal={IEEE Journal of Solid-State Circuits}, 
  title={Monolithic transformers for silicon RF IC design}, 
  year={2000},
  volume={35},
  number={9},
  pages={1368-1382},}
  
  @ARTICLE{Baseband_Impedance_IM3_1,
  author={J. {Brinkhoff} and A. E. {Parker} and M. {Leung}},
  journal={IEEE Transactions on Microwave Theory and Techniques}, 
  title={Baseband impedance and linearization of FET circuits}, 
  year={2003},
  volume={51},
  number={12},
  pages={2523-2530},}
  
  @INPROCEEDINGS{Baseband_Impedance_IM3_2,
  author={J. {Brinkhoff} and A. E. {Parker}},
  booktitle={IEEE MTT-S International Microwave Symposium Digest, 2003}, 
  title={Implication of baseband impedance and bias for FET amplifier linearization}, 
  year={2003},
  volume={2},
  number={},
  pages={781-784 vol.2},}
  
  @ARTICLE{Baseband_Impedance_IM3_3,
  author={J. {Brinkhoff} and A. E. {Parker}},
  journal={IEEE Transactions on Microwave Theory and Techniques}, 
  title={Effect of baseband impedance on FET intermodulation}, 
  year={2003},
  volume={51},
  number={3},
  pages={1045-1051},}
  
  @online{Gndplane,
    author={Dr. Mühlhaus},
    title = {Effect of ground cutout size on RFIC inductor performance},
    url  = {https://muehlhaus.com/support/rfic-em-appnotes/inductor-ground-cutout},
    publisher = {muehlhaus.com},
    year = {Accessed 6 August 2020}
   
}

  @online{Dummy,
    author={Dr. Mühlhaus},
    title = {60 GHz on-chip balun transformer: effect of dummy metal fill},
    url  = {https://muehlhaus.com/support/rfic-em-appnotes/60-ghz-balun-filler-effect},
    publisher = {muehlhaus.com},
    year = {Accessed 6 August 2020}
   
}

@ARTICLE{Eff_Transformer,
  author={I. {Aoki} and S. D. {Kee} and D. B. {Rutledge} and A. {Hajimiri}},
  journal={IEEE Transactions on Microwave Theory and Techniques}, 
  title={Distributed active transformer-a new power-combining and impedance-transformation technique}, 
  year={2002},
  volume={50},
  number={1},
  pages={316-331},}
  
  @ARTICLE{SA_5,
  author={N. {Ryu} and B. {Park} and Y. {Jeong}},
  journal={IEEE Microwave and Wireless Components Letters}, 
  title={A Fully Integrated High Efficiency RF Power Amplifier for WLAN Application in 40 nm Standard CMOS Process}, 
  year={2015},
  volume={25},
  number={6},
  pages={382-384},}
  
  @book{cripps_2003, place={Boston, MA}, title={Advanced techniques in RF power amplifier design}, publisher={Artech House}, author={Cripps, Steve C.}, year={2003}}
  
  @book{säckinger, place={Hoboken, NJ}, title={Broadband circuits for optical fiber communication}, publisher={Wiley}, author={Säckinger Eduard}, year={2005}}
  
  @INPROCEEDINGS{SA_2,
  author={Z. {Deng} and E. {Lu} and E. {Rostami} and D. {Sieh} and D. {Papadopoulos} and B. {Huang} and R. {Chen} and H. {Wang} and W. {Hsu} and C. {Wu} and O. {Shanaa}},
  booktitle={2016 IEEE International Solid-State Circuits Conference (ISSCC)}, 
  title={9.5 A dual-band digital-WiFi 802.11a/b/g/n transmitter SoC with digital I/Q combining and diamond profile mapping for compact die area and improved efficiency in 40nm CMOS}, 
  year={2016},
  volume={},
  number={},
  pages={172-173},}
  
  @INPROCEEDINGS{SA_3,
  author={R. {Winoto} and A. {Olyaei} and M. {Hajirostam} and W. {Lau} and X. {Gao} and A. {Mitra} and O. {Carnu} },
  booktitle={2016 IEEE International Solid-State Circuits Conference (ISSCC)}, 
  title={9.4 A 2×2 WLAN and Bluetooth combo SoC in 28nm CMOS with on-chip WLAN digital power amplifier, integrated 2G/BT SP3T switch and BT pulling cancelation}, 
  year={2016},
  volume={},
  number={},
  pages={170-171},}
  
  @INPROCEEDINGS{SA_4,
  author={Y. {Chung} and C. {Liao} and C. {Lin} and Y. {Shih} and C. {Li} and M. {Hung} and M. {Liu} and P. {Wu} and J. {Hsu} and M. {Hsu} and S. {Chen} and P. {Chang} and C. {Chen} and Y. {Chang} and J. {Chen} and T. {Chang} and G. {Chien}},
  booktitle={2015 IEEE Custom Integrated Circuits Conference (CICC)}, 
  title={A dual-band 802.11abgn/ac transceiver with integrated PA and T/R switch in a digital noise controlled SoC}, 
  year={2015},
  volume={},
  number={},
  pages={1-8},}
  
  @ARTICLE{SA_1,
  author={H. {Ahn} and S. {Back} and I. {Nam} and D. {An} and J. {Lee} and M. {Jeong} and B. {Kim} and Y. {Lee} and H. {Kim} and Y. {Ho} and O. {Lee}},
  journal={IEEE Transactions on Microwave Theory and Techniques}, 
  title={A Fully Integrated −32-dB EVM Broadband 802.11abgn/ac PA With an External PA Driver in WLP 40-nm CMOS}, 
  year={2019},
  volume={67},
  number={5},
  pages={1870-1882},}
  
  @INPROCEEDINGS{ClassJ,
  author={M. S. {Alavi} and F. {van Rijs} and M. {Marchetti} and M. {Squillante} and T. {Zhang} and S. J. C. H. {Theeuwen} and Y. {Volokhine} and H. F. F. {Jos} and M. P. v. d. {Heijden} and M. {Acar} and L. C. N. {de Vreede}},
  booktitle={2011 IEEE MTT-S International Microwave Symposium}, 
  title={Efficient LDMOS device operation for envelope tracking amplifiers through second harmonic manipulation}, 
  year={2011},
  volume={},
  number={},
  pages={1-4},}
  
  @ARTICLE{ClassJ_BW,
  author={S. {Rezaei} and L. {Belostotski} and F. M. {Ghannouchi} and P. {Aflaki}},
  journal={IEEE Transactions on Microwave Theory and Techniques}, 
  title={Integrated Design of a Class-J Power Amplifier}, 
  year={2013},
  volume={61},
  number={4},
  pages={1639-1648},}
  
    @online{PowerSupplyNoise,
    author={Designers-guide.org},
    title = {Power Supply Noise Reduction},
    url  = {https://designers-guide.org/design/bypassing.pdf},
    publisher = {designers-guide.org},
    year = {Accessed 6 August 2020}
   
}

@article{mem_feedabck,
author = {Roger, F.},
year = {2011},
month = {04},
pages = {60-76},
title = {An analog approach to power amplifier predistortion},
volume = {54}
}

@article{mem_shuntenvelope,
author = {Cha, Jeonghyeon and Kim, Ildu and Hong, Sungchul and Kim, Bumman and Lee, Jong and Kim, Han},
year = {2007},
month = {01},
pages = {66-82},
title = {Memory effect minimization and wide instantaneous bandwidth operation of a base station power amplifier},
volume = {50},
journal = {Microwave Journal}
}

@INPROCEEDINGS{Rdnw,
  author={H. {Le} and J. {Crossley} and S. R. {Sanders} and E. {Alon}},
  booktitle={2013 IEEE International Solid-State Circuits Conference Digest of Technical Papers}, 
  title={A sub-ns response fully integrated battery-connected switched-capacitor voltage regulator delivering 0.19W/mm2 at 73\% efficiency}, 
  year={2013},
  volume={},
  number={},
  pages={372-373},}