% This file was created with JabRef 2.9b2.
% Encoding: ISO8859_1

@ARTICLE{Raab_max_eff,
author={F. H. {Raab}},
journal={IEEE Transactions on Microwave Theory and Techniques},
title={Maximum efficiency and output of class-{F} power amplifiers},
year={2001},
volume={49},
number={6},
pages={1162-1166},
keywords={UHF power amplifiers;microwave power amplifiers;harmonics;network analysis;maximum efficiency;class-F power amplifiers;power-output capability;drain-voltage waveform shaping;drain-current waveform shaping;controlled harmonics;Fourier coefficients;maximum power;Power amplifiers;Power system harmonics;Voltage;Power generation;Switches;Shape;Impedance;Microwave frequencies;Helium;Circuits},
doi={10.1109/22.925511},
ISSN={1557-9670},
month={June},}

@ARTICLE{Gen_Vds_eqn,
	author={S. C. {Cripps,} and others },
	journal={IEEE Microwave and Wireless Components Letters}, 
	title={On the {Continuity of High Efficiency Modes in Linear RF Power Amplifiers}}, 
	year={2009},
	volume={19},
	number={10},
	pages={665-667},}

@ARTICLE{CCF_reason, 
	author={J. {Chen,} and others}, 
	journal={IEEE Microwave and Wireless Components Letters}, 
	title={Design of {Broadband High-Efficiency Power Amplifiers Based on a Series of Continuous Modes}}, 
	year={2014}, 
	volume={24}, 
	number={9}, 
	pages={631-633}, 
	keywords={microwave power amplifiers;network synthesis;power amplifiers;UHF power amplifiers;wideband amplifiers;drain efficiency;continuous mode concept;broadband high-efficiency PA;broadband high-efficiency power amplifiers;frequency 1.6 GHz to 2.8 GHz;power 14.2 W;Broadband communication;Impedance;Harmonic analysis;Power generation;Bandwidth;Impedance matching;Frequency measurement;Broadband;continuous modes;high-efficiency;output matching network;power amplifiers (PAs)}, 
	doi={10.1109/LMWC.2014.2331457}, 
	ISSN={1558-1764}, 
	month={Sep.},}


@ARTICLE{ECCF_Carrubba, 
	author={V. {Carrubba,} and others}, 
	journal={IEEE Transactions on Microwave Theory and Techniques}, 
	title={On the {Extension of the Continuous Class-F Mode Power Amplifier}}, 
	year={2011}, 
	volume={59}, 
	number={5}, 
	pages={1294-1303}, 
	keywords={gallium arsenide;high electron mobility transistors;III-V semiconductors;power amplifiers;radiofrequency amplifiers;continuous class-F mode power amplifier;RF power amplifier;PA mode;harmonic impedance;voltage waveform;GaAs pseudomorphic HEMT device;GaAs;Harmonic analysis;Impedance;Power generation;Power system harmonics;Radio frequency;Microwave measurements;Semiconductor device measurement;Broadband amplifiers;microwave amplifiers;microwave measurements;power amplifiers (PAs);RF circuits}, 
	doi={10.1109/TMTT.2011.2117435}, 
	ISSN={1557-9670}, 
	month={May},}

@ARTICLE{CCFDesign_ali, 
	author={S. N. {Ali,} and others}, 
	journal={IEEE Transactions on Circuits and Systems I: Regular Papers}, 
	title={A {25–35 GHz Neutralized Continuous Class-F CMOS Power Amplifier for 5G Mobile Communications Achieving 26\% Modulation PAE at 1.5 Gb/s and 46.4\% Peak PAE}}, 
	year={2019}, 
	volume={66}, 
	number={2}, 
	pages={834-847}, 
	keywords={5G mobile communication;adjacent channel interference;CMOS analogue integrated circuits;integrated circuit design;microwave power amplifiers;millimetre wave power amplifiers;quadrature amplitude modulation;high-efficiency neutralized continuous class-F CMOS power amplifier design technique;millimeter-wave 5G mobile communications;parasitic-aware tuned-load;harmonic-tuned output load networks;power-device;harmonic-tuned load;5G mobile communications;CMOS technology;power-added efficiency;neutralized continuous class-F CMOS power amplifier;high-order harmonic resonance network;mmW CMOS PA;quadrature amplitude-modulated signal;adjacent channel leakage ratio;frequency 25.0 GHz to 35.0 GHz;5G mobile communication;CMOS technology;Bandwidth;Harmonic analysis;Frequency measurement;Couplings;Silicon;5G;CMOS;millimeter wave (mmW);28 GHz;continuous class-F;inverse class F;power amplifier (PA);mobile communications;cellular;high efficiency;stability;neutralization;phased-arrays;wideband;tunable coupling coefficient;beamforming;tunable transformer;error-vector-magnitude (EVM);MIMO;quadrature-amplitude-modulation (QAM)}, 
	doi={10.1109/TCSI.2018.2860019}, 
	ISSN={1558-0806}, 
	month={Feb},}

  @ARTICLE{Transformer_model,
	author={J. R. {Long}},
	journal={IEEE Journal of Solid-State Circuits}, 
	title={Monolithic transformers for silicon {RF IC design}}, 
	year={2000},
	volume={35},
	number={9},
	pages={1368-1382},}

@INPROCEEDINGS{ISSC18,
  author={S. N. {Ali,} and others},
  booktitle={2018 IEEE International Solid - State Circuits Conference - (ISSCC)}, 
  title={A {28GHz 41\%-PAE linear CMOS power amplifier using a transformer-based AM-PM distortion-correction technique for 5G phased arrays}}, 
  year={2018},
  volume={},
  number={},
  pages={406-408},
  doi={10.1109/ISSCC.2018.8310356}}
  
  @INPROCEEDINGS{RFIC17,
  author={S. N. {Ali} and others},
  booktitle={2017 IEEE Radio Frequency Integrated Circuits Symposium (RFIC)}, 
  title={A {42–46.4\% PAE continuous class-F power amplifier with Cgd neutralization at 26–34 GHz in 65 nm CMOS for 5G applications}}, 
  year={2017},
  volume={},
  number={},
  pages={212-215},
  doi={10.1109/RFIC.2017.7969055}}
  
  @INPROCEEDINGS{RFIC18,
  author={T. {Li,} and others},
  booktitle={2018 IEEE Radio Frequency Integrated Circuits Symposium (RFIC)}, 
  title={A {Continuous-Mode 23.5-41GHz Hybrid Class-F/F-l Power Amplifier with 46\% Peak PAE for 5G Massive MIMO Applications}}, 
  year={2018},
  volume={},
  number={},
  pages={220-230},
  doi={10.1109/RFIC.2018.8429030}}
  
  @INPROCEEDINGS{RFIT20,
  author={Y. -T. {Lin,} and others},
  booktitle={2020 IEEE International Symposium on Radio-Frequency Integration Technology (RFIT)}, 
  title={A {27-GHz Continuous Class-F Power Amplifier with AM-PM Compensation in 65 nm CMOS Process}}, 
  year={2020},
  volume={},
  number={},
  pages={175-177},
  doi={10.1109/RFIT49453.2020.9226181}}
  
  @INPROCEEDINGS{APMC19,
  author={Z. -J. {Huang,} and others},
  booktitle={2019 IEEE Asia-Pacific Microwave Conference (APMC)}, 
  title={A {High-Gain Continuous Class- F Power Amplifier in 90-nm CMOS for 5G Communication}}, 
  year={2019},
  volume={},
  number={},
  pages={177-179},
  doi={10.1109/APMC46564.2019.9038839}}